@misc{Copernico,
	author = {},
	title = {Nicolás Copérnico},
	howpublished = {\newline \url{https://es.wikipedia.org/wiki/Nicol%C3%A1s_Cop%C3%A9rnico}},
	month = {},
	year = {},
	note = {(Último acceso: 04/10/2016)}
}

@misc{DIY,
	author = {},
	title = {Hágalo usted mismo},
	howpublished = {\newline \url{https://es.wikipedia.org/wiki/H%C3%A1galo_usted_mismo}},
	month = {},
	year = {},
	note = {\newline (Último acceso: 04/10/2016)}
}


@misc{HistoAstr,
	author = {},
	title = {Historia de la astronomía},
	howpublished = { \newline\url{https://es.wikipedia.org/wiki/Historia_de_la_astronom%C3%ADa}},
	month = {},
	year = {},
	note = {\newline (Último acceso: 04/10/2016)}
}

@misc{AstroAnti,
	author = {},
	title = {El estudio de la Astronomia por las civilizaciones antiguas},
	howpublished = { \newline\url{https://lanaveva.wordpress.com/2011/06/10/el-estudio-de-la-astronomia-por-las-civilizaciones-antiguas/}},
	month = {},
	year = {},
	note = {\newline (Último acceso: 04/10/2016)}
}


@misc{AstMod,
	author = {},
	title = {La Astronomía Moderna},
	howpublished = {\newline \url{http://www.astroelda.com/index.php/16-actividades/27-la-astronomia-moderna}},
	month = {},
	year = {},
	note = {\newline (Último acceso: 04/10/2016)}
}

@misc{Arist,
	author = {},
	title = {Aristarco de Samos},
	howpublished = {\newline \url{https://es.wikipedia.org/wiki/Aristarco_de_Samos}},
	month = {},
	year = {},
	note = {\newline (Último acceso: 04/10/2016)}
}

@misc{Pitagoras,
	author = {},
	title = {Pitágoras},
	howpublished = {\newline \url{https://es.wikipedia.org/wiki/Pit%C3%A1goras}},
	month = {},
	year = {},
	note = {\newline (Último acceso: 04/10/2016)}
}

@misc{Tycho,
	author = {},
	title = {Tycho Brahe},
	howpublished = {\newline \url{https://es.wikipedia.org/wiki/Tycho_Brahe}},
	month = {},
	year = {},
	note = {\newline (Último acceso: 04/10/2016)}
}

@misc{Kepler,
	author = {},
	title = {Johannes Kepler },
	howpublished = {\newline \url{https://es.wikipedia.org/wiki/Johannes_Kepler}},
	month = {},
	year = {},
	note = {\newline (Último acceso: 04/10/2016)}
}

@misc{Newton,
	author = {},
	title = {Isaac {N}ewton},
	howpublished = {\newline \url{https://es.wikipedia.org/wiki/Isaac_Newton}},
	month = {},
	year = {},
	note = {\newline (Último acceso: 04/10/2016)}
}


@misc{astrologia,
	author = {},
	title = {Astrología},
	howpublished = {\url{https://es.wikipedia.org/wiki/Astrolog%C3%ADa}},
	month = {},
	year = {},
	note = {(Último acceso: 04/10/2016)}
}

@misc{messier,
	author = {},
	title = {Las observaciones del cielo profundo de Charles Messier},
	howpublished = {\url{http://www.astronomia-iniciacion.com/las-observaciones-del-cielo-profundo-de-charles-messier.html}},
	month = {},
	year = {},
	note = {(Último acceso: 04/10/2016)}
}

@misc{huggins,
	author = {},
	title = {William Huggins - Wikipedia, la enciclopedia libre},
	howpublished = {\url{https://es.wikipedia.org/wiki/William_Huggins}},
	month = {},
	year = {},
	note = {(Último acceso: 04/10/2016)}
}

@misc{analisispectal,
	author = {},
	title = {Análisis espectral - Wikipedia, la enciclopedia libre},
	howpublished = {\url{https://es.wikipedia.org/wiki/An%C3%A1lisis_espectral}},
	month = {},
	year = {},
	note = {(Último acceso: 04/10/2016)}
}

@misc{astrofisica,
	author = {},
	title = {Astrofísica - Wikipedia, la enciclopedia libre},
	howpublished = {\url{https://es.wikipedia.org/wiki/Astrof%C3%ADsica}},
	month = {},
	year = {},
	note = {(Último acceso: 04/10/2016)}
}

@misc{beneficiosastro,
	author = {J. Miguel Mas Hesse},
	title = {Los beneficios de la Astronomía | Cuaderno de bitácora estelar},
	howpublished = {\url{http://www.madrimasd.org/blogs/astrofisica/2013/03/22/132620}},
	month = {},
	year = {},
	note = {(Último acceso: 04/10/2016)}
}

@misc{beneficiosastro2,
	author = {},
	title = {¿Para qué sirve la Astronomía? Usos en medicina | Cuaderno de bitácora estelar},
	howpublished = {\url{http://www.madrimasd.org/blogs/astrofisica/2014/10/31/133460}},
	month = {},
	year = {},
	note = {(Último acceso: 04/10/2016)}
}


@misc{amateur,
	author = {},
	title = {Astronomía amateur - Wikipedia, la enciclopedia libre},
	howpublished = {\url{https://es.wikipedia.org/wiki/Astronom%C3%ADa_amateur}},
	month = {},
	year = {},
	note = {(Último acceso: 04/10/2016)}
}

@misc{AstroFoto,
	author = {},
	title = {Astrofotografía - Wikipedia, la enciclopedia libre},
	howpublished = {\url{https://es.wikipedia.org/wiki/Astrofotograf%C3%ADa}},
	month = {},
	year = {},
	note = {(Último acceso: 04/12/2016)}
}


@misc{telescopio,
	author = {},
	title = {Telescopios - Características, modelos, partes .:. Astronomía Sur},
	howpublished = {\url{http://www.astrosurf.com/astronosur/telescopios.htm}},
	month = {},
	year = {},
	note = {(Último acceso: 04/23/2016)}
}

@misc{Fotog37:online,
	author = {},
	title = {Fotografía para principiantes: Sistema de enfoque.},
	howpublished = {\url{http://fotografiaparaprincipianntes.blogspot.com.es/2014/07/sistema-de-enfoque.html}},
	month = {},
	year = {},
	note = {(Último acceso: 04/10/2016)}
}

@misc{HWLIBRE,
	author = {},
	title = {Hardware libre - Wikipedia, la enciclopedia libre},
	howpublished = {\url{https://es.wikipedia.org/wiki/Hardware_libre}},
	month = {},
	year = {},
	note = {(Último acceso: 04/16/2016)}
}

@misc{ARDUINO,
	author = {},
	title = {Arduino - Wikipedia, la enciclopedia libre},
	howpublished = {\url{https://es.wikipedia.org/wiki/Arduino}},
	month = {},
	year = {},
	note = {(Último acceso: 04/16/2016)}
}

@misc{IDE,
	author = {},
	title = {Ambiente de desarrollo integrado - Wikipedia, la enciclopedia libre},
	howpublished = {\url{https://es.wikipedia.org/wiki/Ambiente_de_desarrollo_integrado}},
	month = {},
	year = {},
	note = {(Último acceso: 04/17/2016)}
}

@misc{Atmel,
	author = {},
	title = {Atmel AVR 8-bit and 32-bit Microcontrollers},
	howpublished = {\url{http://www.atmel.com/products/microcontrollers/avr/}},
	month = {},
	year = {},
	note = {(Último acceso: 04/17/2016)}
}

@misc{Process,
	author = {},
	title = {Processing.org},
	howpublished = {\url{https://processing.org/}},
	month = {},
	year = {},
	note = {(Último acceso: 04/17/2016)}
}

@misc{shield,
	author = {},
	title = {Shields para Arduino | Aprendiendo Arduino},
	howpublished = {\url{https://aprendiendoarduino.wordpress.com/2015/03/23/shields-para-arduino/}},
	month = {},
	year = {},
	note = {(Último acceso: 04/17/2016)}
}

@misc{XBee,
	author = {},
	title = {XBee: Connect Devices To The Cloud - Digi International},
	howpublished = {\url{http://www.digi.com/lp/xbee}},
	month = {},
	year = {},
	note = {(Último acceso: 04/17/2016)}
}

@misc{Atik364:online,
	author = {},
	title = {Atik 314L + - Atik Cameras},
	howpublished = {\url{http://www.atik-cameras.com/product/atik-314l-plus/}},
	month = {},
	year = {},
	note = {(Último acceso: 07/06/2016)}
}

@misc{atik314l,
	author = {},
	title = {¡Focus Focus! - Cielos Boreales},
	howpublished = {\url{http://www.cielosboreales.com/hacer-foco-telescopio-camara/}},
	month = {},
	year = {},
	note = {(Último acceso: 04/23/2016)}
}

@misc{FocusMascara,
	author = {},
	title = {www.carlostapia.es/articulos/archivos/Mascaras.pdf},
	howpublished = {\url{http://www.carlostapia.es/articulos/archivos/Mascaras.pdf}},
	month = {},
	year = {},
	note = {(Último acceso: 04/23/2016)}
}

@misc{Raw,
	author = {},
	title = {Raw (formato) - Wikipedia, la enciclopedia libre},
	howpublished = {\url{https://es.wikipedia.org/wiki/Raw_(formato)}},
	month = {},
	year = {},
	note = {(Último acceso: 04/25/2016)}
}
	
	
@misc{Prese26:online,
	author = {},
	title = {Presentando Astropy: herramientas básicas para Astronomía y Astrofísica en Python | Pybonacci},
	howpublished = {\url{http://pybonacci.org/2012/06/20/presentando-astropy-herramientas-basicas-para-astronomia-y-astrofisica-en-python/}},
	month = {},
	year = {},
	note = {(Último acceso: 07/05/2016)}
}

@misc{FITS,
	author = {},
	title = {FITS - Wikipedia, la enciclopedia libre},
	howpublished = {\url{https://es.wikipedia.org/wiki/FITS}},
	month = {},
	year = {},
	note = {(Último acceso: 04/25/2016)}
}

@misc{Imagej,
	author = {},
	title = {ImageJ},
	howpublished = {\url{https://imagej.nih.gov/ij/}},
	month = {},
	year = {},
	note = {(Último acceso: 04/25/2016)}
}


@misc{indiforjava,
	author = {},
	title = {INDI for Java},
	howpublished = {\url{http://indilib.org/develop/indiforjava.html}},
	month = {},
	year = {},
	note = {(Último acceso: 04/25/2016)}
}

@misc{pololu,
	author = {},
	title = {Pololu - A4988 Stepper Motor Driver Carrier},
	howpublished = {\url{https://www.pololu.com/product/1182}},
	month = {},
	year = {},
	note = {(Último acceso: 04/30/2016)}
}

@misc{I2C,
	author = {},
	title = {I2C - Wikipedia, la enciclopedia libre},
	howpublished = {\url{https://es.wikipedia.org/wiki/I%C2%B2C}},
	month = {},
	year = {},
	note = {(Último acceso: 04/30/2016)}
}

@misc{LM35,
	author = {},
	title = {www.ti.com/lit/ds/symlink/lm35.pdf},
	howpublished = {\url{http://www.ti.com/lit/ds/symlink/lm35.pdf}},
	month = {},
	year = {},
	note = {(Último acceso: 04/30/2016)}
}


@misc{Obser65:online,
	author = {},
	title = {Observación Visual de Cielo Profundo | Sur Astronómico},
	howpublished = {\url{http://www.surastronomico.com/sec-55-observacion-visual-de-cielo-profundo.html}},
	month = {},
	year = {},
	note = {(Último acceso: 04/23/2016)}
}

@misc{¡Focu32:online,
	author = {},
	title = {¡Focus Focus! - Cielos Boreales},
	howpublished = {\url{http://www.cielosboreales.com/hacer-foco-telescopio-camara/}},
	month = {},
	year = {},
	note = {(Último acceso: 04/23/2016)}
}

@misc{lost_infinity,
	author = {},
	title = {Lost infinity - Reaching for the stars},
	howpublished = {\url{http://www.lost-infinity.com/equipment/}},
	month = {},
	year = {},
	note = {(Último acceso: 04/23/2016)}
}

@misc{Encic5:online,
	author = {},
	title = {Enciclopedia de Formatos de Archivo Gráficos — Formato de Archivo: FITS},
	howpublished = {\url{http://devel.archefire.org/docs/programming/graphics/gff2/_/fmt_FITS.html}},
	month = {},
	year = {},
	note = {(Último acceso: 04/23/2016)}
}



@misc{Links91:online,
	author = {},
	title = {Links de Interés | Sur Astronómico},
	howpublished = {\url{http://www.surastronomico.com/sec-43-links-de-interes.html}},
	month = {},
	year = {},
	note = {(Último acceso: 04/23/2016)}
}

@misc{arduSerie,
	author = {},
	title = {Comunicación de Arduino con puerto serie},
	howpublished = {\url{http://www.luisllamas.es/2014/04/arduino-puerto-serie/}},
	month = {},
	year = {},
	note = {(Último acceso: 05/01/2016)}
}

@misc{patform,
	author = {},
	title = {An open source ecosystem for IoT development · PlatformIO},
	howpublished = {\url{http://platformio.org/}},
	month = {},
	year = {},
	note = {(Último acceso: 05/01/2016)}
}

@misc{GNU3,
	author = {},
	title = {The GNU General Public License v3.0 - GNU Project - Free Software Foundation},
	howpublished = {\url{http://www.gnu.org/licenses/gpl-3.0.html}},
	month = {},
	year = {},
	note = {(Último acceso: 06/12/2016)}
}

@misc{accelstp,
	author = {},
	title = {AccelStepper: AccelStepper library for Arduino},
	howpublished = {\url{http://www.airspayce.com/mikem/arduino/AccelStepper/}},
	month = {},
	year = {},
	note = {(Último acceso: 06/19/2016)}
}

@misc{robofocus,
	author = {},
	title = {Welcome},
	howpublished = {\url{http://www.robofocus.com/}},
	month = {},
	year = {},
	note = {(Último acceso: 06/25/2016)}
}

@misc{optec,
	author = {},
	title = {Optec :: TCF Focuser Series},
	howpublished = {\url{https://optecinc.com/astronomy/catalog/tcf/index.htm}},
	month = {},
	year = {},
	note = {(Último acceso: 08/30/2016)}
}

@misc{serialCommand,
	author = {},
	title = {kroimon/Arduino-SerialCommand: A Wiring/Arduino library to tokenize and parse commands received over a serial port.},
	howpublished = {\url{https://github.com/kroimon/Arduino-SerialCommand}},
	month = {},
	year = {},
	note = {(Último acceso: 06/25/2016)}
}

@misc{nunchuck_diagram,
	author = {},
	title = {Diarama conexiones Wii Nunchuck},
	howpublished = {\url{https://fr.wikiversity.org/wiki/Micro_contrôleurs_AVR}},
	month = {},
	year = {},
	note = {(Último acceso: 06/25/2016)}
}



@misc{INDIFJ,
	author = {},
	title = {INDI for Java},
	howpublished = {\url{http://indilib.org/develop/indiforjava.html}},
	month = {},
	year = {},
	note = {(Último acceso: 06/25/2016)}
}

@misc{JavaDuino,
	author = {},
	title = {hatboysam\/JavaDuino: A very, very simple Java starter project for talking to Arduino over Serial},
	howpublished = {\url{https://github.com/hatboysam/JavaDuino}},
	month = {},
	year = {},
	note = {(Último acceso: 06/26/2016)}
}

@misc{astropy,
	author = {},
	title = {Presentando Astropy: herramientas básicas para Astronomía y Astrofísica en Python | Pybonacci},
	howpublished = {\url{http://pybonacci.org/2012/06/20/presentando-astropy-herramientas-basicas-para-astronomia-y-astrofisica-en-python/}},
	month = {},
	year = {},
	note = {(Último acceso: 07/05/2016)}
}

@misc{jfits,
	author = {},
	title = {Homepage of Preben Grosbol},
	howpublished = {\url{http://www.eso.org/~pgrosbol/fits_java/jfits.html}},
	month = {},
	year = {},
	note = {(Último acceso: 07/05/2016)}
}

@misc{gamma,
	author = {},
	title = {Corrección gamma - Wikipedia, la enciclopedia libre},
	howpublished = {\url{https://es.wikipedia.org/wiki/Correcci%C3%B3n_gamma}},
	month = {},
	year = {},
	note = {(Último acceso: 08/08/2016)}
}

@misc{Cómov45,
	author = {},
	title = {Cómo valorar la calidad de tus astrofotografías},
	howpublished = {\url{http://sideribus.com/blog/como-valorar-la-calidad-de-tus-astrofotografias}},
	month = {},
	year = {},
	note = {(Último acceso: 08/09/2016)}
}

@misc{gaussian_curve_fitter,
	author = {},
	title = {AbstractCurveFitter (Apache Commons Math 3.6.1 API)},
	howpublished = {\url{http://commons.apache.org/proper/commons-math/apidocs/org/apache/commons/math3/fitting/AbstractCurveFitter.html}},
	month = {},
	year = {},
	note = {(Último acceso: 08/09/2016)}
}

@misc{apache_math,
	author = {},
	title = {Math – Commons Math: The Apache Commons Mathematics Library},
	howpublished = {\url{http://commons.apache.org/proper/commons-math/}},
	month = {},
	year = {},
	note = {(Último acceso: 08/09/2016)}
}

@misc{wolfram,
	author = {},
	title = {Gaussian Function -- from Wolfram MathWorld},
	howpublished = {\url{http://mathworld.wolfram.com/GaussianFunction.html}},
	month = {},
	year = {},
	note = {(Último acceso: 08/09/2016)}
}

@misc{atik_indi,
	author = {},
	title = {CloudMakers},
	howpublished = {\url{http://www.cloudmakers.eu/atikdrivers/}},
	month = {},
	year = {},
	note = {(Último acceso: 08/09/2016)}
}

@misc{netbeans,
	author = {},
	title = {NetBeans},
	howpublished = {\url{https://netbeans.org/}},
	month = {},
	year = {},
	note = {(Último acceso: 08/20/2016)}
}

@misc{sublimetext,
	author = {},
	title = {Sublime Text},
	howpublished = {\url{https://www.sublimetext.com/}},
	month = {},
	year = {},
	note = {(Último acceso: 08/20/2016)}
}

@misc{arduinoide,
	author = {},
	title = {Arduino - IDE},
	howpublished = {\url{https://www.arduino.cc/en/Main/Software}},
	month = {},
	year = {},
	note = {(Último acceso: 08/20/2016)}
}


@misc{raspbian,
	author = {},
	title = {Raspbian},
	howpublished = {\url{https://www.raspbian.org/}},
	month = {},
	year = {},
	note = {(Último acceso: 08/20/2016)}
}

@misc{kstars,
	author = {},
	title = {The KDE Education Project - KStars},
	howpublished = {\url{https://edu.kde.org/kstars/}},
	month = {},
	year = {},
	note = {(Último acceso: 08/20/2016)}
}

@misc{obsremoto,
	author = {},
	title = {Observatorio Remoto},
	howpublished = {\url{https://play.google.com/store/apps/details?id=com.jtbenavente.jaime.indiandroidui&hl=es_419}},
	month = {},
	year = {},
	note = {(Último acceso: 08/20/2016)}
}

@misc{micros,
	author = {},
	title = {MICRODRIVE},
	howpublished = {\url{http://www.pfinalfra.com.ar/proyectos/Microstepping/MICRODRIVE.htm#QUE_ES_MICROSTEPPING}},
	month = {},
	year = {},
	note = {(Último acceso: 08/20/2016)}
}

@misc{maximdl,
	author = {},
	title = {Maxim DL},
	howpublished = {\url{http://www.cyanogen.com/}},
	month = {},
	year = {},
	note = {(Último acceso: 08/23/2016)}
}

@misc{seeing,
	author = {},
	title = {Seeing (Wikipedia)},
	howpublished = {\url{https://es.wikipedia.org/wiki/Seeing}},
	month = {},
	year = {},
	note = {(Último acceso: 08/13/2016)}
}

@misc{dth11,
	author = {},
	title = {Sensor DHT11 (Humedad y Temperatura) con Arduino | Taller Arduino},
	howpublished = {\url{https://tallerarduino.com/2012/12/24/sensor-dht11-humedad-y-temperatura-con-arduino/}},
	month = {},
	year = {},
	note = {(Último acceso: 08/20/2016)}
}

@misc{ccd,
	author = {},
	title = {Dispositivo de carga acoplada},
	howpublished = {\url{https://es.wikipedia.org/wiki/Dispositivo_de_carga_acoplada}},
	month = {},
	year = {},
	note = {(Último acceso: 08/23/2016)}
}

@misc{montura,
	author = {},
	title = {Montura - Telescopio},
	howpublished = {\url{https://es.wikipedia.org/wiki/Telescopio#Monturas}},
	month = {},
	year = {},
	note = {(Último acceso: 08/23/2016)}
}



@misc{stellarium,
	author = {},
	title = {Stellarium},
	howpublished = {\url{http://www.stellarium.org/es/}},
	month = {},
	year = {},
	note = {(Último acceso: 08/23/2016)}
}

@misc{gsky,
	author = {},
	title = {Google Sky},
	howpublished = {\url{https://www.google.com/intl/es_es/sky/}},
	month = {},
	year = {},
	note = {(Último acceso: 08/23/2016)}
}

@misc{ginga,
	author = {},
	title = {Ginga: Image Viewer and Toolkit — ginga v2.5.20160810184000},
	howpublished = {\url{https://ginga.readthedocs.io/en/latest/}},
	month = {},
	year = {},
	note = {(Último acceso: 08/23/2016)}
}

@misc{escritorio_remoto,
	author = {},
	title = {Escritorio remoto - Wikipedia, la enciclopedia libre},
	howpublished = {\url{https://es.wikipedia.org/wiki/Escritorio_remoto}},
	month = {},
	year = {},
	note = {(Último acceso: 08/23/2016)}
}

@misc{ascom,
	author = {},
	title = {ASCOM (standard) - Wikipedia, the free encyclopedia},
	howpublished = {\url{https://en.wikipedia.org/wiki/ASCOM_(standard)}},
	month = {},
	year = {},
	note = {(Último acceso: 08/23/2016)}
}

@misc{indi,
	author = {},
	title = {Home},
	howpublished = {\url{http://indilib.org/}},
	month = {},
	year = {},
	note = {(Último acceso: 08/23/2016)}
}

@misc{raspberry,
	author = {},
	title = {Raspberry Pi - Teach, Learn, and Make with Raspberry Pi},
	howpublished = {\url{https://www.raspberrypi.org/}},
	month = {},
	year = {},
	note = {(Último acceso: 08/23/2016)}
}

@misc{frizing,
	author = {},
	title = {Fritzing Fritzing},
	howpublished = {\url{http://fritzing.org/home/}},
	month = {},
	year = {},
	note = {(Último acceso: 08/23/2016)}
}

@misc{lcd_keypad,
	author = {},
	title = {LCD Keypad Shield |},
	howpublished = {\url{http://www.prometec.net/producto/lcd-keypad/}},
	month = {},
	year = {},
	note = {(Último acceso: 08/25/2016)}
}

@misc{rs232,
	author = {},
	title = {RS-232 - Wikipedia, la enciclopedia libre},
	howpublished = {\url{https://es.wikipedia.org/wiki/RS-232}},
	month = {},
	year = {},
	note = {(Último acceso: 08/25/2016)}
}

@misc{meta,
	author = {},
	title = {Metaetiquetas que Google entiende - Ayuda de Search Console},
	howpublished = {\url{https://support.google.com/webmasters/answer/79812?hl=es}},
	month = {},
	year = {},
	note = {(Último acceso: 08/28/2016)}
}

@misc{seo,
	author = {},
	title = {Posicionamiento en buscadores - Wikipedia, la enciclopedia libre},
	howpublished = {\url{https://es.wikipedia.org/wiki/Posicionamiento_en_buscadores}},
	month = {},
	year = {},
	note = {(Último acceso: 08/28/2016)}
}


@misc{lasagra,
	author = {},
	title = {Encuentro astronómico La Sagra 2015},
	howpublished = {\url{http://astroencuentro.wixsite.com/lasagra}},
	month = {},
	year = {},
	note = {(Último acceso: 08/28/2016)}
}

@misc{sag,
	author = {},
	title = {astrogranada},
	howpublished = {\url{http://www.astrogranada.org/}},
	month = {},
	year = {},
	note = {(Último acceso: 08/28/2016)}
}

@misc{astrociencia,
	author = {},
	title = {AstroCiencias Ecuador: Astronomía y Cosmología},
	howpublished = {\url{http://astrocienciasecu.blogspot.com.es/p/mucha-de-la-gente-que-se-inicia-en-la.html}},
	month = {},
	year = {},
	note = {(Último acceso: 08/30/2016)}
}

@misc{astronomia,
	author = {},
	title = {Astronomía - Wikipedia, la enciclopedia libre},
	howpublished = {\url{https://es.wikipedia.org/wiki/Astronom%C3%ADa}},
	month = {},
	year = {},
	note = {(Último acceso: 08/30/2016)}
}

@misc{historiaAstronomia,
	author = {},
	title = {Historia de la astronomía - Wikipedia, la enciclopedia libre},
	howpublished = {\url{https://es.wikipedia.org/wiki/Historia_de_la_astronom%C3%ADa}},
	month = {},
	year = {},
	note = {(Último acceso: 08/30/2016)}
}

@misc{calendario_egipcio,
	author = {},
	title = {Calendario egipcio - Wikipedia, la enciclopedia libre},
	howpublished = {\url{https://es.wikipedia.org/wiki/Calendario_egipcio}},
	month = {},
	year = {},
	note = {(Último acceso: 08/30/2016)}
}

@misc{los_principia,
	author = {},
	title = {Philosophiæ naturalis principia mathematica - Wikipedia, la enciclopedia libre},
	howpublished = {\url{https://es.wikipedia.org/wiki/Philosophi%C3%A6_naturalis_principia_mathematica}},
	month = {},
	year = {},
	note = {(Último acceso: 08/30/2016)}
}

@misc{M88,
	author = {},
	title = {File:Messier 88 galaxy.jpg - Wikimedia Commons},
	howpublished = {\url{https://commons.wikimedia.org/wiki/File:Messier_88_galaxy.jpg}},
	month = {},
	year = {},
	note = {(Último acceso: 08/30/2016)}
}

@misc{detectores_rayos_x,
	author = {},
	title = {Rayos X - Wikipedia, la enciclopedia libre},
	howpublished = {\url{https://es.wikipedia.org/wiki/Rayos_X#Detectores_de_rayos_X}},
	month = {},
	year = {},
	note = {(Último acceso: 08/30/2016)}
}

@misc{tv_satelite,
	author = {},
	title = {Televisión por satélite - Wikipedia, la enciclopedia libre},
	howpublished = {\url{https://es.wikipedia.org/wiki/Televisi%C3%B3n_por_sat%C3%A9lite}},
	month = {},
	year = {},
	note = {(Último acceso: 08/30/2016)}
}

@misc{sierra_nevada_sky,
	author = {},
	title = {Sierra Nevada night sky time lapse 2, In Memory to Iker},
	howpublished = {\url{https://vimeo.com/28399458}},
	month = {},
	year = {},
	note = {(Último acceso: 08/30/2016)}
}

@misc{galileo,
	author = {},
	title = {Galileo Galilei - Wikipedia, la enciclopedia libre},
	howpublished = {\url{https://es.wikipedia.org/wiki/Galileo_Galilei#Invenci.C3.B3n_del_telescopio}},
	month = {},
	year = {},
	note = {(Último acceso: 08/30/2016)}
}

@misc{tipos_telescopios,
	author = {},
	title = {AstroRED.net - Astronomia Sur},
	howpublished = {\url{http://www.astrored.net/astronomiasur/}},
	month = {},
	year = {},
	note = {(Último acceso: 08/30/2016)}
}

@misc{ccd_ellunatico,
	author = {},
	title = {Cámara CCD Starlight Xpress Trius-SX9 - Lunatico Astronomia},
	howpublished = {\url{http://tienda.lunatico.es/Starlight-Xpress-Trius-SX9-Monocroma-camara-CCD-con-accesorios}},
	month = {},
	year = {},
	note = {(Último acceso: 08/30/2016)}
}

@misc{montura_ellunatico,
	author = {},
	title = {Montura ecuat. SkyWatcher EQ-8 con trípode - Lunático Astronomía},
	howpublished = {\url{http://tienda.lunatico.es/Montura-ecuatorial-SkyWatcher-EQ-8-con-tripod}},
	month = {},
	year = {},
	note = {(Último acceso: 08/30/2016)}
}

@misc{rueda_portafiltros,
	author = {},
	title = {Ruedas de filtros IFW | AstroImagen},
	howpublished = {\url{https://astroimagen.wordpress.com/productos/optec/ruedas-de-filtros-ifw/}},
	month = {},
	year = {},
	note = {(Último acceso: 08/30/2016)}
}

@misc{cupula_ellunatico,
	author = {},
	title = {Cúpulas - Lunatico Astronomia},
	howpublished = {\url{http://tienda.lunatico.es/Cupulas}},
	month = {},
	year = {},
	note = {(Último acceso: 08/30/2016)}
}

@misc{enfocador,
	author = {},
	title = {Diario de un Telescopio Reflector tipo Newton (Pontevedra 2012): El Enfocador. (Focuser)},
	howpublished = {\url{http://eldiariodeuntelescopio.blogspot.com.es/2012/05/el-enfocador-focuser.html}},
	month = {},
	year = {},
	note = {(Último acceso: 08/30/2016)}
}

@misc{enfocador_ellunatico,
	author = {},
	title = {Enfocador 2,7" Tecnosky para refractores - Lunatico Astronomia},
	howpublished = {\url{http://tienda.lunatico.es/epages/lunatico.sf/es_ES/?ObjectPath=/Shops/1010001/Products/CENCRTKrp27}},
	month = {},
	year = {},
	note = {(Último acceso: 08/30/2016)}
}

@misc{about_indi,
	author = {},
	title = {About},
	howpublished = {\url{http://indilib.org/about.html}},
	month = {},
	year = {},
	note = {(Último acceso: 08/30/2016)}
}

@misc{arduino_sketch,
	author = {},
	title = {Arduino - Sketch},
	howpublished = {\url{https://www.arduino.cc/en/Tutorial/Sketch}},
	month = {},
	year = {},
	note = {(Último acceso: 08/30/2016)}
}

@misc{arduino_libraries,
	author = {},
	title = {Arduino - Libraries},
	howpublished = {\url{https://www.arduino.cc/en/Reference/Libraries}},
	month = {},
	year = {},
	note = {(Último acceso: 08/30/2016)}
}

@misc{imagen_raspberrypi,
	author = {},
	title = {CMDann.ca | Install The PiFace Control \& Display},
	howpublished = {\url{http://cmdann.ca/tutorials/install-piface-lcd-shield/}},
	month = {},
	year = {},
	note = {(Último acceso: 08/30/2016)}
}

@misc{raspberry,
	author = {},
	title = {Raspberry Pi - Teach, Learn, and Make with Raspberry Pi},
	howpublished = {\url{https://www.raspberrypi.org/}},
	month = {},
	year = {},
	note = {(Último acceso: 08/30/2016)}
}

@misc{laazotea,
	author = {},
	title = {Urban Astrophotography},
	howpublished = {\url{http://laazotea.org/}},
	month = {},
	year = {},
	note = {(Último acceso: 08/30/2016)}
}

@misc{orion_focuser,
	author = {},
	title = {Motor de enfoque ORION AccuFocus},
	howpublished = {\url{https://www.valkanik.com/portaoculares-y-sujetaoculares/motor-de-enfoque-orion-accufocus}},
	month = {},
	year = {},
	note = {(Último acceso: 08/30/2016)}
}

@misc{focusmate,
	author = {},
	title = {Tele Vue Optics: Focusmate™ Driver},
	howpublished = {\url{http://televue.com/engine/TV3b_page.asp?id=59&Tab=_FMD}},
	month = {},
	year = {},
	note = {(Último acceso: 08/30/2016)}
}

@misc{robofocus_indi,
	author = {},
	title = {RoboFocus},
	howpublished = {\url{http://indilib.org/devices/focusers/robofocus.html}},
	month = {},
	year = {},
	note = {(Último acceso: 08/30/2016)}
}


@misc{dm,
	author = {},
	title = {Tablero de fibra de densidad media - Wikipedia, la enciclopedia libre},
	howpublished = {\url{https://es.wikipedia.org/wiki/Tablero_de_fibra_de_densidad_media}},
	month = {},
	year = {},
	note = {(Último acceso: 09/04/2016)}
}


@misc{hypeGartner,
	author = {Gartner},
	title = {Gartner's 2015 Hype Cycle for Emerging Technologies Identifies the Computing Innovations That Organizations Should Monitor},
	howpublished = {\url{http://www.gartner.com/newsroom/id/3114217}},
	month = {},
	year = {},
	note = {(Último acceso: 07/26/2016)}
}

@misc{fwhm,
	author = {},
	title = {Full Width at Half Maximum},
	howpublished = {\url{https://es.wikipedia.org/wiki/Anchura_a_media_altura}},
	month = {},
	year = {},
	note = {(Último acceso: 07/28/2016)}
}
