\newacronym{oms}{OMS}{Organizaci√≥n Mundial de la Salud}